
@book{Muller2018,
  title = {Handbook of {{Floating}}-{{Point Arithmetic}}},
  author = {Muller, Jean-Michel and Brunie, Nicolas and {de Dinechin}, Florent and Jeannerod, Claude-Pierre and Joldes, Mioara and Lef{\`e}vre, Vincent and Melquiond, Guillaume and Revol, Nathalie and Torres, Serge},
  year = {2018},
  publisher = {{Springer}},
  doi = {10.1007/978-3-319-76526-6},
}


@article{Nakata2021,
  title = {{{MPLAPACK}} Version 1.0.0 User Manual},
  author = {Nakata, Maho},
  year = {2021},
  journal = {arXiv:2109.13406 [cs]},
  eprint = {2109.13406},
  eprinttype = {arxiv},
  primaryclass = {cs},
  archiveprefix = {arXiv},
}


@article{Isupov2020,
  title = {Design and Implementation of Multiple-Precision {{BLAS Level}} 1 Functions for Graphics Processing Units},
  author = {Isupov, Konstantin and Knyazkov, Vladimir and Kuvaev, Alexander},
  year = {2020},
  journal = {Journal of Parallel and Distributed Computing},
  volume = {140},
  pages = {25--36},
  issn = {0743-7315},
  doi = {10.1016/j.jpdc.2020.02.006},
}


@article{Kouya2016,
  title = {Performance Evaluation of Multiple Precision Matrix Multiplications Using Parallelized {{Strassen}} and {{Winograd}} Algorithms},
  author = {Kouya, Tomonori},
  year = {2016},
  journal = {JSIAM Letters},
  volume = {8},
  pages = {21--24},
  doi = {10.14495/jsiaml.8.21},
}
